@article{aka_article,
    author       = {{A. K. Aijazi, P. Checchin, and L. Trassoudaine}},
    title        = {Segmentation Based Classification of 3D Urban Point Clouds: A Super-Voxel Based Approach with Evaluation},
    journal      = {Remote Sens., 2013, 5, pp. 1624–1650},
    year         = 2013
}

@phdthesis{aka_thesis,
    author       = {Ahmad Kamal Aijazi}, 
    title        = {3D urban cartography incorporating recognition and temporal integration},
    school       = {École Doctorale des Sciences Pour l'Ingénieur - University of Clermont Auvergne},
    year         = 2014,
    month        = 12
}

@inproceedings{hackel2017isprs,
    title		 = {{SEMANTIC3D.NET: A new large-scale point cloud classification benchmark}},
    author       = {Timo Hackel and N. Savinov and L. Ladicky and Jan D. Wegner and K. Schindler and M. Pollefeys},
    booktitle    = {ISPRS Annals of the Photogrammetry, Remote Sensing and Spatial Information Sciences},
    year         = {2017},
    volume       = {IV-1-W1},
    pages        = {91--98}
} 
